@article{birrellRTM2,
  title = {Real-time modelling of the {SARS-CoV-2} pandemic in {England} over three years},
  author = {Birrell, Paul J. and Blake, Joshua and Alexopoulos, Angelos and van Leeuwen, Edwin and Pouwels, Koen and Ghosh, Sanmitra and Starr, Colin and Kandiah, Joel and Walker, A. Sarah and House, Thomas and Gay, Nigel and Finnie, Thomas and Gent, Nick and Charlett, Andr√© and De Angelis, Daniela},
  date = {2024},
  pubstate = {\bibstring{submitted}}
}